@book{james2013introduction,
  title={An introduction to statistical learning},
  author={James, Gareth and Witten, Daniela and Hastie, Trevor and Tibshirani, Robert},
  volume={112},
  year={2013},
  publisher={Springer}
}

@book{lecturenotes,
    title={Machine Learning Lectures Notes},
    author={Herbert Jaeger},
    month={3},
    year={2019},
    publisher={Jacobs University Bremen},
    URL={http://minds.jacobs-university.de/uploads/teaching/lectureNotes/LN_ML4IMS.pdf}
}

@online{numpylinalgpinv,
	author={The SciPy community},
	title={numpy.linalg.pinv},
	year={2019},
	month={1},
	URL={https://docs.scipy.org/doc/numpy/reference/generated/numpy.linalg.pinv.html},
}

@online{numpydot,
	author={The SciPy community},
	title={numpy.dot},
	year={2019},
	month={1},
	URL={https://docs.scipy.org/doc/numpy/reference/generated/numpy.dot.html},
}

@online{numpyidentity,
	author={The SciPy community},
	title={numpy.identity},
	year={2019},
	month={1},
	URL={https://docs.scipy.org/doc/numpy/reference/generated/numpy.identity.html},
}

@online{matplotlibplot,
	author={The Matplotlib development team},
	title={matplotlib.pyplot.plot},
	year={2019},
	month={3},
	URL={https://matplotlib.org/api/_as_gen/matplotlib.pyplot.plot.html},
}

@online{pandasdataframe,
	author={Open Source community},
	title={pandas.Dataframe},
	year={2019},
	month={3},
	URL={https://pandas.pydata.org/pandas-docs/stable/reference/api/pandas.DataFrame.html},
}

@online{ncsu,
	author={NC State University},
	title={Introduction to Principal Components and Factor Analysis},
	year={2018},
	month={10},
	URL={ftp://statgen.ncsu.edu/pub/thorne/molevoclass/AtchleyOct19.pdf},
}